@article{bech2020,
  title     = {Innovations in payments},
  author    = {Bech, M. and Hancock, J.},
  year      = 2020,
  journal   = {BIS Quarterly Review},
  publisher = {Bank for International Settlements},
  url       = {https://www.bis.org/publ/qtrpdf/r_qt2003f.pdf}
}
@article{boehme2015,
  title     = {Bitcoin: economics, technology, and governance},
  author    = {Böhme, R. and Christin, N. and Edelman, B. and Moore, T.},
  year      = 2015,
  journal   = {The Journal of Economic Perspectives},
  publisher = {American Economic Association},
  url       = {https://www.jstor.org/stable/24292130}
}
@article{bonneau2013,
  title     = {Hostile blockchain takeovers},
  author    = {Bonneau, J.},
  year      = 2018,
  journal   = {Financial Cryptography and Data Security},
  publisher = {Springer},
  url       = {https://link.springer.com/chapter/10.1007/978-3-662-58820-8_7}
}
@article{cpmi1990,
  title     = {Report of the committee on interbank netting schemes of the central banks of the Group of ten countries (Lamfalussy report)},
  author    = {{Committee on Payments and Market Infrastructures}},
  year      = 1990,
  journal   = {CMPI Papers},
  publisher = {Bank for International Settlements},
  url       = {https://www.bis.org/cpmi/publ/d04.htm}
}
@article{cpmi1996,
  title     = {Settlement risk in foreign exchange transactions},
  author    = {{Committee on Payments and Market Infrastructures}},
  year      = 1996,
  journal   = {CMPI Papers},
  publisher = {Bank for International Settlements},
  url       = {https://www.bis.org/cpmi/publ/d17.htm}
}
@article{cpmi2001,
  title     = {Core principles for systemically important payment systems},
  author    = {{Committee on Payments and Market Infrastructures}},
  year      = 2001,
  journal   = {CMPI Papers},
  publisher = {Bank for International Settlements},
  url       = {https://www.bis.org/cpmi/publ/d43.htm}
}
@article{croman2016,
  title     = {On scaling decentralized blockchains: a position paper},
  author    = {Croman, K. and Decker, C. and Eyal, I. and Gencer, A. E. and Juels, A. and Kosba, A. and Miller, A. and Saxena, P. and Shi, E. and Sirer, E. G. and Song, D. and Wattenhofer, R.},
  year      = 2016,
  journal   = {Lecture Notes in Computer Science},
  publisher = {Springer},
  url       = {https://link.springer.com/chapter/10.1007/978-3-662-53357-4_8}
}
@article{decker2013,
  title     = {Information propagation in the Bitcoin network},
  author    = {Decker, C. and Wattenhofer, R.},
  year      = 2013,
  journal   = {IEEE P2P 2013 Proceedings},
  publisher = {IEEE},
  url       = {https://ieeexplore.ieee.org/document/6688704}
}
@article{ellul2020,
  title     = {Regulating blockchain, DLT and smart contracts: a technology regulator's perspective},
  author    = {Ellul, J. and Galea, J. and Ganado, M. and Mccarthy, S. and Pace, G. J.},
  year      = 2020,
  journal   = {ERA Forum},
  publisher = {Springer},
  url       = {https://link.springer.com/article/10.1007/s12027-020-00617-7}
}
@article{esma2017,
  title     = {The distributed ledger technology applied to securities markets},
  author    = {{European Securities and Markets Authority}},
  year      = 2017,
  journal   = {ESMA Report},
  publisher = {European Securities and Markets Authority},
  url       = {https://www.esma.europa.eu/sites/default/files/library/dlt_report_-_esma50-1121423017-285.pdf}
}
@article{eyal2014,
  title     = {Majority is not enough: Bitcoin mining is vulnerable},
  author    = {Eyal, I. and Sirer, E. G.},
  year      = 2014,
  journal   = {Lecture Notes in Computer Science},
  publisher = {Springer},
  url       = {https://link.springer.com/chapter/10.1007/978-3-662-45472-5_28}
}
@article{galati2002,
  title     = {Settlement risk in foreign exchange markets and CLS bank},
  author    = {Galati, G.},
  year      = 2002,
  journal   = {BIS Quarterly Review},
  publisher = {Bank for International Settlements},
  url       = {https://www.bis.org/publ/qtrpdf/r_qt0212f.pdf}
}
@article{gervais2016,
  title     = {On the security and performance of proof of work blockchains},
  author    = {Gervais, A. and Karame, G. O. and Wüst, K. and Glykantzis, V. and Ritzdorf, H. and Capkun, S.},
  year      = 2016,
  journal   = {CCS '16: Proceedings of the 2016 ACM SIGSAC Conference on Computer and Communications Security},
  publisher = {Association for Computing Machinery},
  url       = {https://dl.acm.org/doi/10.1145/2976749.2978341}
}
@article{geva2008,
  title     = {Payment finality and discharge in funds transfers},
  author    = {Geva, B.},
  year      = 2008,
  journal   = {Chicago-Kent Law Review},
  publisher = {Chicago-Kent College of Law},
  url       = {https://scholarship.kentlaw.iit.edu/cklawreview/vol83/iss2/7}
}
@article{gilbert2002,
  title     = {Brewer's conjecture and the feasibility of consistent, available, partition-tolerant web services},
  author    = {Gilbert, S. and Lynch, N.},
  year      = 2002,
  journal   = {ACM SIGACT News},
  publisher = {Association for Computing Machinery},
  url       = {https://dl.acm.org/doi/10.1145/564585.564601}
}
@article{kaiser2018,
  title     = {The looming threat of China: an analysis of chinese influence on Bitcoin},
  author    = {Kaiser, B. and Jurado, M. and Ledger, A.},
  year      = 2018,
  journal   = {Computer Science, Cryptography and Security (cs.CR)},
  publisher = {arXiv},
  url       = {https://arxiv.org/pdf/1810.02466.pdf}
}
@article{lamport1977,
  title     = {Proving the correctness of multiprocess programs},
  author    = {Lamport, L.},
  year      = 1977,
  journal   = {IEEE Transactions on Software Engineering},
  publisher = {IEEE},
  url       = {http://www.cis.umassd.edu/~hxu/courses/cis481/references/Lamport-1977.pdf}
}
@article{lamport1980,
  title     = {Reaching agreement in the presence of faults},
  author    = {Lamport, L. and Pease, M. and Shostak, R.},
  year      = 1980,
  journal   = {Journal of the Association for Computing Machinery},
  publisher = {Association for Computing Machinery},
  url       = {https://lamport.azurewebsites.net/pubs/reaching.pdf}
}
@article{liao2017,
  title     = {On settlement finality and distributed ledger technology},
  author    = {Liao, N.},
  year      = 2017,
  journal   = {Yale Journal on Regulation},
  publisher = {Yale Law School},
  url       = {https://www.yalejreg.com/nc/on-settlement-finality-and-distributed-ledger-technology-by-nancy-liao/}
}
@article{loeber2006,
  title     = {The developing EU legal framework for clearing and settlement of financial instruments},
  author    = {Löber, K. M.},
  year      = 2006,
  journal   = {ECB Legal Working Paper Series},
  publisher = {European Central Bank},
  url       = {https://www.ecb.europa.eu/pub/pdf/scplps/ecblwp1.pdf}
}
@article{lokhava2019,
  title     = {Fast and secure global payments with Stellar},
  author    = {Lokhava, M. and Losa, G. and Mazières, D. and Hoare, G. and Barry, N. and Gafni, E. and Jove, J. and Malinowsky, R. and McCaleb, J.},
  year      = 2019,
  journal   = {SOSP '19: Proceedings of the 27th ACM Symposium on Operating Systems Principles},
  publisher = {Association for Computing Machinery},
  url       = {https://dl.acm.org/doi/10.1145/3341301.3359636}
}
@article{naegele2020,
  title     = {Registration requirements according to the TVTG (aka the Token Act/Blockchain Act)},
  author    = {Nägele, T.},
  year      = 2020,
  journal   = {Trusts \& Trustees},
  publisher = {Oxford University Press},
  url       = {https://academic.oup.com/tandt/article-abstract/26/6/564/5877114}
}
@article{pages2005,
  title     = {Settlement finality as a public good in large-value payment systems},
  author    = {Pagès, H. and Humphrey, D.},
  year      = 2005,
  journal   = {ECB Working Paper Series},
  publisher = {European Central Bank},
  url       = {https://www.ecb.europa.eu/pub/pdf/scpwps/ecbwp506.pdf}
}
@article{shanaev2019,
  title     = {Regulatory implications for the cryptocurrency market},
  author    = {Shanaev, S. and Sharma, S. and Ghimire, B. and Shuraeva, A.},
  year      = 2019,
  journal   = {Research in International Business and Finance},
  publisher = {Elsevier},
  url       = {https://www.sciencedirect.com/science/article/abs/pii/S0275531919305963}
}
@article{tsukerman2015,
  title     = {The block is hot: a survey of the state of Bitcoin regulation and suggestions for the future},
  author    = {Tsukerman, M.},
  year      = 2015,
  journal   = {Berkeley Technology Law Journal},
  publisher = {Berkeley School of Law},
  url       = {https://papers.ssrn.com/sol3/papers.cfm?abstract_id=2587421}
}
@article{yeoh2017,
  title     = {Regulatory issues in blockchain technology},
  author    = {Yeoh, P.},
  year      = 2017,
  journal   = {Journal of Financial Regulation and Compliance},
  publisher = {Emerald},
  url       = {https://www.emerald.com/insight/content/doi/10.1108/JFRC-08-2016-0068/full/html}
}
@article{zhang2019,
  title     = {Security and privacy on blockchain},
  author    = {Zhang, R. and Xue, R. and Liu, L.},
  year      = 2019,
  journal   = {ACM Computing Surveys},
  publisher = {Association for Computing Machinery},
  url       = {https://arxiv.org/pdf/1903.07602.pdf}
}
@book{bashir2020,
  title     = {Mastering Blockchain},
  author    = {Bashir, I.},
  year      = 2020,
  publisher = {Packt Publishing},
  isbn      = 9781839213199
}
@book{dhillon2017,
  title     = {Blockchain enabled applications},
  author    = {Dhillon, V. and Metcalf, D. and Hooper, M.},
  year      = 2017,
  publisher = {Apress},
  isbn      = 9781484230800
}
@book{golumbia2016,
  title     = {The politics of Bitcoin: software as right-wing extremism},
  author    = {Golumbia, D.},
  year      = 2016,
  publisher = {The University of Minnesota Press},
  isbn      = 9781452953816
}
@book{megue2018,
  title     = {SEPA credit transfer: how to understand and add value to your SCT payment project},
  author    = {Megue, J. P.},
  year      = 2018,
  publisher = {Paiementor},
  isbn      = 9791094710012
}
@book{vereecken2003,
  title     = {Settlement finality in the European Union: the EU directive and its implementation in selected jurisdictions},
  author    = {Vereecken, M. and Nijenhuis, A.},
  year      = 2003,
  publisher = {Kluwer Legal Publishers},
  isbn      = 9789013004878
}
@online{bis2016cpmiglossary,
  title     = {A glossary of terms used in payments and settlement systems},
  author    = {{Committee on Payments and Market Infrastructures}},
  year      = 2006,
  url       = {https://www.bis.org/dcms/glossary/glossary.pdf?scope=CPMI&base=term},
  urldate   = {2021-03-16}
}
@online{bitcoin2008paper,
  title     = {Bitcoin: a peer-to-peer electronic cash system},
  author    = {Nakamoto, S.},
  year      = 2008,
  url       = {https://bitcoin.org/bitcoin.pdf},
  urldate   = {2021-03-15}
}
@online{bitcoin2015invalidblocks,
  title     = {Some miners generating invalid blocks},
  author    = {{Bitcoin Project}},
  year      = 2015,
  url       = {https://bitcoin.org/en/alert/2015-07-04-spv-mining},
  urldate   = {2021-02-14}
}
@online{bitcoinmag2013bitcoinfork,
  title     = {Bitcoin network shaken by blockchain fork},
  author    = {Buterin, V.},
  year      = 2013,
  url       = {https://bitcoinmagazine.com/articles/bitcoin-network-shaken-by-blockchain-fork-1363144448},
  urldate   = {2021-03-15}
}
@online{bitcointalk2013databaseswitchincident,
  title     = {Alert: chain fork caused by pre-0.8 clients dealing badly with large blocks},
  author    = {Wuille, P. and {other contributors}},
  year      = 2013,
  url       = {https://bitcointalk.org/index.php?topic=152030},
  urldate   = {2021-02-15}
}
@online{bitcoinwiki2015fork,
  title     = {Fork (disambiguation)},
  author    = {bitcoin.it Bitcoin wiki},
  year      = 2015,
  url       = {https://en.bitcoin.it/wiki/Fork_(disambiguation)},
  urldate   = {2021-02-09}
}
@online{bitcoinwiki2016valueoverflowincident,
  title     = {Value overflow incident},
  author    = {bitcoin.it Bitcoin wiki},
  year      = 2016,
  url       = {https://en.bitcoin.it/wiki/Value_overflow_incident},
  urldate   = {2021-02-13}
}
@online{bitcoinwiki2018confirmation,
  title     = {Confirmation},
  author    = {bitcoin.it Bitcoin wiki},
  year      = 2018,
  url       = {https://en.bitcoin.it/wiki/Confirmation},
  urldate   = {2021-02-10}
}
@online{bitcoinwiki2018reorg,
  title     = {Vocabulary: reorganize},
  author    = {bitcoin.it Bitcoin wiki},
  year      = 2018,
  url       = {https://en.bitcoin.it/wiki/Vocabulary#Reorganize},
  urldate   = {2021-02-10}
}
@online{bitcoinwiki2018softfork,
  title     = {Softfork},
  author    = {bitcoin.it Bitcoin wiki},
  year      = 2018,
  url       = {https://en.bitcoin.it/wiki/Softfork},
  urldate   = {2021-02-13}
}
@online{bitcoinwiki2018staleblock,
  title     = {Vocabulary: stale block},
  author    = {bitcoin.it Bitcoin wiki},
  year      = 2018,
  url       = {https://en.bitcoin.it/wiki/Vocabulary#Stale_Block},
  urldate   = {2021-02-10}
}
@online{bitcoinwiki2019difficulty,
  title     = {Difficulty},
  author    = {bitcoin.it Bitcoin wiki},
  year      = 2019,
  url       = {https://en.bitcoin.it/wiki/Difficulty},
  urldate   = {2021-02-09}
}
@online{bitcoinwiki2019hardfork,
  title     = {Hardfork},
  author    = {bitcoin.it Bitcoin wiki},
  year      = 2019,
  url       = {https://en.bitcoin.it/wiki/Hardfork},
  urldate   = {2021-02-13}
}
@online{bitcoinwiki2019orphanblock,
  title     = {Orphan block},
  author    = {bitcoin.it Bitcoin wiki},
  year      = 2019,
  url       = {https://en.bitcoin.it/wiki/Orphan_Block},
  urldate   = {2021-02-10}
}
@online{bitcoinwiki2020controlledsupply,
  title     = {Controlled supply},
  author    = {{bitcoin.it Bitcoin Wiki}},
  year      = 2020,
  url       = {https://en.bitcoin.it/wiki/Controlled_supply},
  urldate   = {2021-01-03}
}
@online{bitcoinwiki2020proofofwork,
  title     = {Proof of work},
  author    = {{bitcoin.it Bitcoin Wiki}},
  year      = 2020,
  url       = {https://en.bitcoin.it/wiki/Proof_of_work},
  urldate   = {2020-12-18}
}
@online{bitmex2017bitcoinforkhistory,
  title     = {A complete history of Bitcoin's consensus forks},
  author    = {{BitMEX}},
  year      = 2017,
  url       = {https://blog.bitmex.com/bitcoins-consensus-forks/},
  urldate   = {2021-02-15}
}
@online{blockchaincom2020block0,
  title     = {Block: 0},
  author    = {{Blockchain.com Bitcoin Explorer}},
  year      = 2009,
  url       = {https://www.blockchain.com/btc/block/000000000019d6689c085ae165831e934ff763ae46a2a6c172b3f1b60a8ce26f},
  urldate   = {2020-12-17}
}
@online{blockchainlab2013ethereumwhitepaper,
  title     = {Ethereum white paper (original version by Vitalik Buterin)},
  author    = {Buterin, V.},
  year      = 2013,
  url       = {https://blockchainlab.com/pdf/Ethereum_white_paper-a_next_generation_smart_contract_and_decentralized_application_platform-vitalik-buterin.pdf},
  urldate   = {2021-03-15}
}
@online{coinmarketcap2021bitcoin,
  title     = {Historical data for Bitcoin},
  author    = {CoinMarketCap},
  year      = 2021,
  url       = {https://coinmarketcap.com/currencies/bitcoin/historical-data/},
  urldate   = {2021-02-22}
}
@online{crypto512021about,
  title     = {About},
  author    = {Crypto51},
  year      = 2021,
  url       = {https://www.crypto51.app/about.html},
  urldate   = {2021-02-22}
}
@online{crypto512021bitcoin,
  title     = {Bitcoin (BTC): cost for a 51\% attack},
  author    = {Crypto51},
  year      = 2021,
  url       = {https://www.crypto51.app/coins/BTC.html},
  urldate   = {2021-02-22}
}
@online{econlib2020fx,
  title     = {Foreign exchange},
  author    = {Frankel, J. A.},
  year      = 2020,
  publisher = {The Library of Economics and Liberty},
  url       = {https://www.econlib.org/library/Enc/ForeignExchange.html},
  urldate   = {2020-12-09}
}
@online{ethereum2020pos,
  title     = {Proof-of-stake (PoS)},
  author    = {{Ethereum Foundation}},
  year      = 2020,
  url       = {https://ethereum.org/en/developers/docs/consensus-mechanisms/pos/},
  urldate   = {2020-12-29}
}
@online{ethereum2021eth2,
  title     = {The Eth2 upgrades: upgrading Ethereum to radical new heights},
  author    = {{Ethereum Foundation}},
  year      = 2021,
  url       = {https://ethereum.org/en/eth2/},
  urldate   = {2021-03-15}
}
@online{ethereum2021whitepaper,
  title     = {Ethereum white paper (updated version by the Ethereum Foundation},
  author    = {Buterin, V.},
  year      = 2021,
  url       = {https://ethereum.org/en/whitepaper},
  urldate   = {2021-03-15}
}
@online{eu1998sfd,
  title     = {Directive 98/26/EC on settlement finality in payment and securities settlement systems},
  author    = {{European Parliament} and {Council of the European Union}},
  year      = 1998,
  url       = {http://data.europa.eu/eli/dir/1998/26/2019-06-27},
  urldate   = {2021-03-15}
}
@online{forkmonitor2021staleblocks,
  title     = {ForkMonitor: stale block candidates},
  author    = {{BitMEX}},
  year      = 2021,
  url       = {https://forkmonitor.info/notifications},
  urldate   = {2021-02-12}
}
@online{github2010bitcoinworkvsheight,
  title     = {Commit \texttt{40cd036} to the GitHub repository of the Bitcoin Core software},
  author    = {Nakamoto, S. and Andresen, G.},
  year      = 2010,
  url       = {https://github.com/bitcoin/bitcoin/commit/40cd0369419323f8d7385950e20342e998c994e1#diff-608d8de3fba954c50110b6d7386988f27295de845e9d7174e40095ba5efcf1bbL1217},
  urldate   = {2021-02-09}
}
@online{github2013cryptonote,
  title     = {CryptoNote v2.0},
  author    = {van Saberhagen, V.},
  year      = 2013,
  url       = {https://github.com/monero-project/research-lab/blob/master/whitepaper/whitepaper.pdf},
  urldate   = {2021-03-16}
}
@online{github2015bitcoinbip66,
  title     = {BIP66 in the GitHub repository of the Bitcoin Core software},
  author    = {Contributors to the Bitcoin Core software},
  year      = 2015,
  url       = {https://github.com/bitcoin/bips/blob/master/bip-0066.mediawiki},
  urldate   = {2021-02-14}
}
@online{github2017serpentreadme,
  title     = {Readme file of the GitHub repository of the Serpent programming language},
  author    = {Buterin, V. and {other contributors}},
  year      = 2017,
  url       = {https://github.com/ethereum/serpent/blob/develop/README.md},
  urldate   = {2020-12-29}
}
@online{github2020blockchaintokens,
  title     = {Blockchain tokens: a review},
  author    = {Bärenfänger, L. K.},
  year      = 2020,
  url       = {https://github.com/lkbaerenfaenger/blockchain-tokens-paper},
  urldate   = {2021-03-15}
}
@online{github2021bitcoin,
  title     = {GitHub repository of the Bitcoin Core software},
  author    = {Contributors to the Bitcoin Core software},
  year      = 2021,
  url       = {https://github.com/bitcoin/bitcoin},
  urldate   = {2021-02-13}
}
@online{hackernoon2018cryptocurrencyfinality,
  title     = {Latency and finality in different cryptocurrencies},
  author    = {Grigorean, A.},
  year      = 2018,
  url       = {https://hackernoon.com/latency-and-finality-in-different-cryptocurrencies-a7182a06d07a},
  urldate   = {2021-02-27}
}
@online{hackingdistributed2014detectselfishminers,
  title     = {How to detect selfish miners},
  author    = {Eyal, I. and Sirer, E. G.},
  year      = 2014,
  url       = {https://hackingdistributed.com/2014/01/15/detecting-selfish-mining},
  urldate   = {2021-02-20}
}
@online{ibm2021hyperledger,
  title     = {Hyperledger Fabric: the flexible blockchain framework that's changing the business world},
  author    = {IBM},
  year      = 2021,
  url       = {https://www.ibm.com/blockchain/hyperledger},
  urldate   = {2021-01-01}
}
@online{ietf2018scp,
  title     = {Network Working Group Internet-Draft: The Stellar Consensus Protocol (SCP)},
  author    = {Barry, N. and Losa, G. and Mazieres, D. and McCaleb, J. and Polu, S.},
  year      = 2018,
  url       = {https://tools.ietf.org/html/draft-mazieres-dinrg-scp-05#section-2.1},
  urldate   = {2021-02-25}
}
@online{infoq2012caplater,
  title     = {CAP twelve years later: how the ``rules'' have changed},
  author    = {Brewer, E.},
  year      = 2012,
  url       = {https://www.infoq.com/articles/cap-twelve-years-later-how-the-rules-have-changed/},
  urldate   = {2021-03-04}
}
@online{mazieres2016scp,
  title     = {The Stellar Consensus Protocol: a federated model for Internet-level consensus},
  author    = {Mazières, D.},
  year      = 2016,
  url       = {https://www.stellar.org/papers/stellar-consensus-protocol},
  urldate   = {2021-02-25}
}
@online{mazieres2019safetyvsliveness,
  title     = {Safety vs. liveness in the Stellar network},
  author    = {Mazières, D.},
  year      = 2019,
  url       = {http://www.scs.stanford.edu/~dm/blog/safety-vs-liveness.html},
  urldate   = {2021-02-26}
}
@online{mazieres2019simplescp,
  title     = {Simplified SCP},
  author    = {Mazières, D. and Giuliano, L. and Gafni, E.},
  year      = 2019,
  url       = {https://www.scs.stanford.edu/~dm/blog/simplified-scp.pdf},
  urldate   = {2021-03-15}
}
@online{messari2021bitcoin,
  title     = {Bitcoin metrics},
  author    = {Messari},
  year      = 2021,
  url       = {https://messari.io/asset/bitcoin/metrics},
  urldate   = {2021-02-22}
}
@online{naegele2019tvtg,
  title     = {Report and application of the government to the parliament of the principality of Liechtenstein concerning the creation of a law on tokens and TT service providers (Tokens and TT Service Provider Act; TVTG) and the amendment of other laws},
  author    = {{Liechtenstein Government}},
  year      = 2019,
  url       = {https://www.naegele.law/files/Downloads/2019-07-12_BuA_TVTG_en_full_report.pdf},
  urldate   = {2021-03-15}
}
@online{nicehash2021sha256,
  title     = {SHA-256 marketplace},
  author    = {NiceHash},
  year      = 2021,
  url       = {https://www.nicehash.com/my/marketplace/SHA256},
  urldate   = {2021-02-22}
}
@online{ny2021bitlicense,
  title     = {Virtual currency businesses: BitLicense FAQs},
  author    = {{Department of Financial Services, New York State, US}},
  year      = 2021,
  url       = {https://www.dfs.ny.gov/apps_and_licensing/virtual_currency_businesses/bitlicense_faqs},
  urldate   = {2021-01-10}
}
@online{nytimes2021bitcoinrecord,
  title     = {Bitcoin hits new record, this time with less talk of a bubble},
  author    = {Popper, N.},
  year      = 2021,
  url       = {https://www.nytimes.com/2020/11/30/technology/bitcoin-record-price.html},
  urldate   = {2021-01-14}
}
@online{reddit2015bitcoininvalidblocks,
  title     = {F2Pool is not properly validating blocks},
  author    = {{The \texttt{r/Bitcoin} community on Reddit}},
  year      = 2015,
  url       = {https://www.reddit.com/r/Bitcoin/comments/3c2cnj/f2pool_is_not_properly_validating_blocks_their/},
  urldate   = {2021-02-14}
}
@online{stackexchange2017bitcoinforks,
  title     = {What is the longest blockchain fork that has been orphaned to date?},
  author    = {Decker, C. and {other contributors}},
  year      = 2017,
  url       = {https://bitcoin.stackexchange.com/a/4638},
  urldate   = {2021-02-12}
}
@online{stackexchange2020ethereumsmartcontract,
  title     = {What are the flaws of this example contract?},
  author    = {Bärenfänger, L. K. and {other contributors}},
  year      = 2020,
  url       = {https://ethereum.stackexchange.com/questions/83782/what-are-the-flaws-of-this-example-contract},
  urldate   = {2020-12-31}
}
@online{stellar2019intuitivescp,
  title     = {Intuitive Stellar Consensus Protocol},
  author    = {Lokhava, M.},
  year      = 2019,
  url       = {https://www.stellar.org/developers-blog/intuitive-stellar-consensus-protocol},
  urldate   = {2021-02-25}
}
@online{stellar2019networkhalt,
  title     = {May 15th network halt},
  author    = {{Stellar Development Foundation}},
  year      = 2019,
  url       = {https://stellar.org/developers-blog/may-15th-network-halt},
  urldate   = {2021-02-26}
}
@online{stellar2020ief,
  title     = {Issuer-enforced finality explained},
  author    = {Chlipala, J.},
  year      = 2020,
  url       = {https://www.stellar.org/blog/issuer-enforced-finality-explained},
  urldate   = {2021-02-27}
}
@online{thenextweb2019hyperledgerrealblockchain,
  title     = {IBM's Hyperledger isn't a real blockchain -- here's why},
  author    = {Popejoy, S.},
  year      = 2019,
  url       = {https://thenextweb.com/podium/2019/05/05/ibms-hyperledger-isnt-a-real-blockchain-heres-why/},
  urldate   = {2021-01-01}
}
@online{twitter2017serpentdeprecation,
  title     = {Tweet declaring Serpent deprecated},
  author    = {Buterin, V.},
  year      = 2017,
  url       = {https://twitter.com/VitalikButerin/status/886400133667201024},
  urldate   = {2020-12-29}
}
@online{twitter2020szabotrump,
  title     = {Tweet echoing Donald Trump's unsubstantiated claims of wide-spread voter fraud in the US presidential election of 2020},
  author    = {Szabo, N.},
  year      = 2020,
  url       = {https://twitter.com/NickSzabo4/status/1334392015304368128},
  urldate   = {2021-01-16}
}
@online{uva1994smartcontracts,
  title     = {Smart contracts},
  author    = {Szabo, N.},
  year      = 1994,
  url       = {https://www.fon.hum.uva.nl/rob/Courses/InformationInSpeech/CDROM/Literature/LOTwinterschool2006/szabo.best.vwh.net/smart.contracts.html},
  urldate   = {2021-03-16}
}
@online{uva1997smartcontracts,
  title     = {The idea of smart contracts},
  author    = {Szabo, N.},
  year      = 1997,
  url       = {https://www.fon.hum.uva.nl/rob/Courses/InformationInSpeech/CDROM/Literature/LOTwinterschool2006/szabo.best.vwh.net/smart_contracts_idea.html},
  urldate   = {2021-03-16}
}
@online{uzh2007cls,
  title     = {Continuous linked settlement: history and implications},
  author    = {Schaller, A.},
  year      = 2007,
  url       = {https://www.zora.uzh.ch/id/eprint/163690/1/20080261.pdf},
  urldate   = {2021-03-16}
}
@online{whattomine2021bitcoin,
  title     = {Bitcoin (BTC)},
  author    = {whattomine},
  year      = 2021,
  url       = {https://whattomine.com/coins/1-btc-sha-256},
  urldate   = {2021-02-22}
}
@online{youtube2018alternativestotonakamotoconsensus,
  title     = {Alternatives to Nakamoto consensus},
  author    = {Sirer, E. G.},
  year      = 2018,
  url       = {https://www.youtube.com/watch?v=1gUX9ikG1FI},
  urldate   = {2021-02-20}
}
